<record><leader>00000cas a2200000 a 4500</leader><controlfield tag="001">13919304</controlfield><controlfield tag="008">860723d18uu1uuuwiuir ne      0    0eng c</controlfield><datafield ind1=" " ind2=" " tag="010"><subfield code="a">sn 86077057 </subfield></datafield><datafield ind1=" " ind2=" " tag="040"><subfield code="a">NPA</subfield><subfield code="b">eng</subfield><subfield code="c">NPA</subfield><subfield code="d">NPV</subfield><subfield code="d">NPX</subfield><subfield code="d">NVF</subfield><subfield code="d">CNK</subfield><subfield code="d">CVF</subfield><subfield code="d">OCLCQ</subfield><subfield code="d">OCLCF</subfield><subfield code="d">OCLCO</subfield></datafield><datafield ind1=" " ind2=" " tag="042"><subfield code="a">pcc</subfield></datafield><datafield ind1=" " ind2=" " tag="043"><subfield code="a">n-us-wi</subfield></datafield><datafield ind1="0" ind2="0" tag="245"><subfield code="a">Milwaukee tri-weekly sentinel.</subfield></datafield><datafield ind1="3" ind2="0" tag="246"><subfield code="a">Milwaukee triweekly sentinel</subfield></datafield><datafield ind1="3" ind2="0" tag="246"><subfield code="a">Milwaukee sentinel</subfield></datafield><datafield ind1="1" ind2="3" tag="246"><subfield code="a">Sentinel</subfield></datafield><datafield ind1=" " ind2=" " tag="260"><subfield code="a">Milwaukee [Wis.] :</subfield><subfield code="b">King, Jermain &amp; Co.</subfield></datafield><datafield ind1=" " ind2=" " tag="300"><subfield code="a">v. ;</subfield><subfield code="c">69 cm.</subfield></datafield><datafield ind1=" " ind2=" " tag="310"><subfield code="a">Triweekly</subfield></datafield><datafield ind1=" " ind2=" " tag="500"><subfield code="a">"Tri-weekly" appears in masthead ornament, &lt;Nov. 7, 1864&gt; and &lt;Oct. 3, 1876&gt;</subfield></datafield><datafield ind1=" " ind2=" " tag="580"><subfield code="a">Other eds.: Milwaukee daily sentinel (Milwaukee, Wis. : 1851), &lt;1857&gt;-1861; Milwaukee weekly sentinel (Milwaukee, Wis. : 1851), &lt;1857-1872&gt;; and Milwaukee daily sentinel (Milwaukee, Wis. : 1862), 1862-1870.</subfield></datafield><datafield ind1=" " ind2=" " tag="588"><subfield code="a">Description based on: Vol. 14, no. 110 (Dec. 9, 1857).</subfield></datafield><datafield ind1=" " ind2="0" tag="651"><subfield code="a">Milwaukee (Wis.)</subfield><subfield code="v">Newspapers.</subfield></datafield><datafield ind1=" " ind2="7" tag="655"><subfield code="a">Newspapers.</subfield><subfield code="2">fast</subfield><subfield code="0">(OCoLC)fst01423814</subfield></datafield><datafield ind1=" " ind2="7" tag="651"><subfield code="a">Wisconsin</subfield><subfield code="z">Milwaukee.</subfield><subfield code="2">fast</subfield><subfield code="0">(OCoLC)fst01206626</subfield></datafield><datafield ind1=" " ind2=" " tag="752"><subfield code="a">United States</subfield><subfield code="b">Wisconsin</subfield><subfield code="c">Milwaukee</subfield><subfield code="d">Milwaukee.</subfield></datafield><datafield ind1=" " ind2=" " tag="752"><subfield code="a">United States</subfield><subfield code="b">Wisconsin</subfield><subfield code="c">Washington</subfield><subfield code="d">Milwaukee.</subfield></datafield><datafield ind1="1" ind2=" " tag="775"><subfield code="t">Milwaukee daily sentinel (Milwaukee, Wis. : 1851)</subfield><subfield code="w">(DLC)sn 86086592</subfield></datafield><datafield ind1="1" ind2=" " tag="775"><subfield code="t">Milwaukee weekly sentinel (Milwaukee, Wis. : 1851)</subfield><subfield code="w">(DLC)sn 85033182</subfield></datafield><datafield ind1="1" ind2=" " tag="775"><subfield code="t">Milwaukee daily sentinel (Milwaukee, Wis. : 1862)</subfield><subfield code="w">(DLC)sn 85033194</subfield></datafield></record>